@misc{fendt_legendre,
  author       = {Fendt, Walter},
  title        = {Online calculator Legendre, Jacobi, and Kronecker symbol},
  howpublished = {\url{https://www.walter-fendt.de/html5/men/legendresymbol_en.htm}},
  note         = {Recuperado el 4 de abril de 2025},
  year         = {n.d.}
}

@misc{michael_kerckhoffs,
  author       = {Ezebuike Michael},
  title        = {Kerckhoffsâ€™ Principle: The Backbone of Cryptography},
  year         = {2024},
  date         = {2024-09-06},
  url          = {https://www.linkedin.com/pulse/kerckhoffs-principle-backbone-cryptography-ezebuike-michael-vy0ue},
  note         = {Recuperado el 4 de abril de 2025}
}
