@inproceedings{cowan2002,
  author    = {Cowan, Crispin and Wagle, Perry and Pu, Calton and Beattie, Steve and Walpole, Jonathan},
  title     = {Buffer Overflows: Attacks and Defenses for the Vulnerability of the Decade},
  booktitle = {Proceedings 2000 IEEE Symposium on Security and Privacy},
  year      = {2002},
  doi       = {10.1109/DISCEX.2000.821514},
  publisher = {IEEE}
}

@book{erickson2008,
  author    = {Erickson, Jon},
  title     = {Hacking: The art of exploitation},
  edition   = {2nd},
  publisher = {No Starch Press},
  year      = {2008}
}

@book{howard2003,
  author    = {Howard, Michael and LeBlanc, David},
  title     = {Writing Secure Code},
  edition   = {2nd},
  publisher = {Microsoft Press},
  year      = {2003}
}

@book{foster2005,
  author    = {Foster, James C. and Osipov, Vitaly and Bhalla, Nish and Heinen, Niels},
  title     = {Buffer Overflow Attacks: Detect, Exploit, Prevent},
  year      = {2005},
  publisher = {Syngress}
}

@article{gupta2012,
  author    = {Gupta, Surbhi},
  title     = {Buffer Overflow Attack},
  journal   = {IOSR Journal of Computer Engineering (IOSRJCE)},
  volume    = {1},
  year      = {2012}
}

@misc{gallagher2014,
  author       = {Gallagher, Sean},
  year         = {2014},
  month        = {April},
  day          = {9},
  title        = {Heartbleed vulnerability may have been exploited months before patch [Updated]},
  howpublished = {Ars Technica},
  note         = {Retrieved November 10, 2022, from \url{https://arstechnica.com/information-technology/2014/04/heartbleed-vulnerability-may-have-been-exploited-months-before-patch/}}
}

@misc{morrisworm2018,
  title        = {The Morris Worm Turns 30},
  howpublished = {Global Knowledge Blog},
  year         = {2018},
  month        = {November},
  day          = {1},
  note         = {Archived January 30, 2019. Retrieved January 29, 2019, from \url{https://www.globalknowledge.com/ca-en/blog/the-morris-worm-turns-30/}}
}

@misc{cert2003,
  author       = {{CERT}},
  title        = {Avisos del CERT de 2003},
  howpublished = {CERT Advisories Portal},
  year         = {2003},
  note         = {Disponible en \url{https://insights.sei.cmu.edu/library/2003-cert-advisories/}}
}

